@book{tan_dimensional_2011,
	title = {Dimensional Analysis: With Case Studies in Mechanics},
	isbn = {9783642192340},
	shorttitle = {Dimensional Analysis},
	language = {en},
	publisher = {Springer},
	author = {Tan, Qing-Ming},
	month = jun,
	year = {2011},
NOTE = {Available at \url{http://emuch.net/html/201401/6836108.html} [Accessed March 13, 2014]}

}

@online{youdao_dimension,
	title = {有道词典关于dimension的解释},
	urldate = {2014-03-24},
        NOTE = {Available at \url{http://dict.youdao.com/search?le=eng&q=dimension&keyfrom=dict.top} [Accessed March 13, 2014]}
}


@online{zlvo3,
	title = {相似三原理},
	urldate = {2014-03-24},
        NOTE = {Available at \url{http://www.zlvo.com/archives/266.html} [Accessed March 24, 2014]}
}


@online{fluid_Properties,
	title = {Fluid Properties},
        NOTE = {Available at \url{http://www.lmnoeng.com/fluids.htm} [Accessed March 24, 2014]}
}

@article{centrifugesParameters,
	title = {我国土工离心模型试验技术发展综述},
	volume = {19},
	number = {3},
	urldate = {2014-04-11},
	journal = {工程地质学报},
	author = {冯振{,} 殷跃平},
	year = {2011},
	pages = {323–331},
        NOTE = {Available at \url{http://www.gcdz.org/CN/article/downloadArticleFile.do?attachType=PDF&id=10020} [Accessed Apirl 20, 2014]}

}

@book{mohanty_rock_1996,
	title = {Rock Fragmentation by Blasting},
	isbn = {9789054108245},
	abstract = {This collection of symposium papers covers a wide range of topics on rock fragmentation, from carefully documented case studies to attempts, for example, at fractal representation of the fracture process itself.},
	language = {en},
        pages = {115},
	publisher = {{CRC} Press},
	author = {Mohanty, B.},
	month = jan,
	year = {1996},
        NOTE = {Available at \url{books.google.com.hk/books?isbn=905410824X} [Accessed Apirl 20, 2014]}
}

@book{wanglili,
	address = {2005, 北京. 第二版, {第2版. 147-149页.} Available at \url{http://ishare.games.sina.com.cn/download/explain.php?fileid=20924796} [Accessed Apirl 20, 2014]},
	title = {应力波基础},
	isbn = {9787118040159},
        pages = {179-181},
	publisher = {国防工业出版社},
	author = {{王礼立}}
	year = {2005},
}

@book{miklowitz_theory_1978,
	title = {The Theory of Elastic Waves and Waveguides},
	isbn = {9780720405514},
	language = {en},
	publisher = {North Holland Publishing Company},
	author = {Miklowitz, Julius},
	month = jan,
	year = {1978},
        pages = {57-58},
	keywords = {Science / General},
        NOTE = {page 57-58. Available at \url{http://ishare.iask.sina.com.cn/download/explain.php?fileid=35819691} [Accessed Apirl 20, 2014]}
}

@misc{similarity_2014,
	title = {Similarity (geometry)},
	copyright = {Creative Commons Attribution-{ShareAlike} License},
	language = {en},
	urldate = {2014-04-20},
	journal = {Wikipedia, the free encyclopedia},
	month = apr,
	year = {2014},
	note = {Available at \url{http://en.wikipedia.org/wiki/Similarity_(geometry)} [Accessed Apirl 20, 2014]}
}

@online{SFU_Similarity,
	title = {Dimensional Analysis \& Similarity},
        NOTE = {Available at \url{http://www.sfu.ca/~mbahrami/ENSC%20283/Lecture%20presentations/Dimensional%20Analysis%20and%20Similarity.pdf} [Accessed Apirl 20, 2014]}
}

@online{materialsproperty,
  title = {Materials for MEMS and Microsystems},
  Note = {page 12. Available at \url{http://www.engr.sjsu.edu/trhsu/ME189_Chapter%207.pdf} [Accessed Apirl 20, 2014]}
}

@misc{basic_Hydrogeology,
	title = {Basic Hydrogeology},
        Note = {Available at \url{http://www.ncwater.org/education_and_technical_assistance/ground_water/hydrogeology/} [Accessed Apirl 20, 2014]}
}

@book{viera_mathematical_2012,
	title = {Mathematical and Numerical Modeling in Porous Media: Applications in Geosciences},
	isbn = {9780415665377},
	shorttitle = {Mathematical and Numerical Modeling in Porous Media},
	language = {en},
	publisher = {{CRC} Press},
	author = {Viera, Martin A. Diaz and Sahay, Pratap and Coronado, Manuel and Tapia, Arturo Ortiz},
	month = jul,
	year = {2012},
        Note = {page 60. Available at \url{books.google.com.hk/books?isbn=041566537X} [Accessed Apirl 20, 2014]}
}

@misc{wiki_hydraulic_conductivity,
	title = {Hydraulic conductivity - Wikipedia, the free encyclopedia},
        Note = {Available at \url{http://en.wikipedia.org/wiki/Hydraulic_conductivity}[Accessed Apirl 20, 2014]}
}


@online{caep,
	title = {中国工程物理研究院院情},
        NOTE = {Available at \url{http://www.caep.ac.cn/zjzwy/index.shtml} [Accessed June 10, 2014]}
}

@online{Garfield,
	title = {Garfield Thomas Water Tunnel},
        NOTE = {Available at \url{http://en.wikipedia.org/wiki/Garfield_Thomas_Water_Tunnel} [Accessed June 14, 2014]}
}

@online{wiki_Water_tunnel,
	title = {Water tunnel (hydrodynamic)},
        NOTE = {Available at \url{http://en.wikipedia.org/wiki/Water_tunnel_(hydrodynamic)} [Accessed June 14, 2014]}
}


@online{CTSW,
	title = {Flight Design CT},
        NOTE = {Available at \url{http://en.wikipedia.org/wiki/Flight_Design_CT} [Accessed June 14, 2014]}
}

@online{CTSW,
	title = {Flight Design CT},
        NOTE = {Available at \url{http://en.wikipedia.org/wiki/Flight_Design_CT} [Accessed June 14, 2014]}
}

@online{baike_wind_tunnel,
	title = {风洞, 百度百科},
        NOTE = {Available at \url{http://baike.baidu.com/view/33400.htm} [Accessed June 14, 2014]}
}

@online{wike_wind_tunnel,
	title = {Wind tunnel},
        NOTE = {Available at \url{http://en.wikipedia.org/wiki/Wind_tunnel} [Accessed June 14, 2014]}
}

@online{K-222,
	title = {Soviet submarine K-222},
        NOTE = {Available at \url{http://en.wikipedia.org/wiki/Soviet_submarine_K-222} [Accessed June 14, 2014]}
}

@online{Typhoon,
	title = {Typhoon-class submarine},
        NOTE = {Available at \url{http://en.wikipedia.org/wiki/Typhoon-class_submarine} [Accessed June 14, 2014]}
}

@online{Saukko,
	title = {Finnish submarine Saukko},
        NOTE = {Available at \url{http://en.wikipedia.org/wiki/Finnish_submarine_Saukko} [Accessed June 14, 2014]}
}

@online{xiaweiguang,
	title = {量​纲​分​析​作​业, 夏伟光, 百度文库.},
        NOTE = {Available at \url{http://wenku.baidu.com/view/ddc95868a45177232f60a2e1?fr=prin} [Accessed June 14, 2014]}
}









